@online{
Cita,
author = "Overleaf",
title = "Hyperlinks",
year = "2022",
url = "https://es.overleaf.com/learn/latex/Hyperlinks",
urldate = "2022-11-07"
}